@PREAMBLE{
 "\providecommand{\noopsort}[1]{}" 
 # "\providecommand{\singleletter}[1]{#1}%" 
}

@article{van_der_Marel_2012,
	doi = {10.1088/0004-637x/753/1/9},
  
	url = {https://doi.org/10.1088%2F0004-637x%2F753%2F1%2F9},
  
	year = 2012,
	month = {jun},
  
	publisher = {American Astronomical Society},
  
	volume = {753},
  
	number = {1},
  
	pages = {9},
  
	author = {Roeland P. van der Marel and Gurtina Besla and T. J. Cox and Sangmo Tony Sohn and Jay Anderson},
  
	title = {{THE} M31 {VELOCITY} {VECTOR}. {III}. {FUTURE} {MILKY} {WAY} M31{\textendash}M33 {ORBITAL} {EVOLUTION},
   {MERGING},
   {AND} {FATE} {OF} {THE} {SUN}
},
  
	journal = {The Astrophysical Journal}
}


@article{van_der_Marel_2012,
	doi = {10.1088/0004-637x/753/1/8},
  
	url = {https://doi.org/10.1088%2F0004-637x%2F753%2F1%2F8},
  
	year = {2012},
	month = {jun},
  
	publisher = {American Astronomical Society},
  
	volume = {753},
  
	number = {1},
  
	pages = {8},
  
	author = {Roeland P. van der Marel and Mark Fardal and Gurtina Besla and Rachael L. Beaton and Sangmo Tony Sohn and Jay Anderson and Tom Brown and Puragra Guhathakurta},
  
	title = {{THE} M31 {VELOCITY} {VECTOR}. {II}. {RADIAL} {ORBIT} {TOWARD} {THE} {MILKY} {WAY} {AND} {IMPLIED} {LOCAL} {GROUP} {MASS}
},
  
	journal = {The Astrophysical Journal}
}

@ARTICLE{Sohn_2012,
       author = {{Sohn}, Sangmo Tony and {Anderson}, Jay and {van der Marel}, Roeland P.},
        title = "{The M31 Velocity Vector. I. Hubble Space Telescope Proper-motion Measurements}",
      journal = {\apj},
     keywords = {galaxies: individual: M31, galaxies: kinematics and dynamics, Local Group, proper motions, Astrophysics - Galaxy Astrophysics},
         year = 2012,
        month = jul,
       volume = {753},
       number = {1},
          eid = {7},
        pages = {7},
          doi = {10.1088/0004-637X/753/1/7},
archivePrefix = {arXiv},
       eprint = {1205.6863},
 primaryClass = {astro-ph.GA},
       adsurl = {https://ui.adsabs.harvard.edu/abs/2012ApJ...753....7S},
      adsnote = {Provided by the SAO/NASA Astrophysics Data System}
}

@ARTICLE{Cox_2006,
       author = {{Cox}, T.~J. and {Dutta}, Suvendra N. and {Di Matteo}, Tiziana and {Hernquist}, Lars and {Hopkins}, Philip F. and {Robertson}, Brant and {Springel}, Volker},
        title = "{The Kinematic Structure of Merger Remnants}",
      journal = {\apj},
     keywords = {Galaxies: Elliptical and Lenticular, cD, Galaxies: Evolution, Galaxies: Formation, Galaxies: Interactions, Methods: n-Body Simulations, Astrophysics},
         year = 2006,
        month = oct,
       volume = {650},
       number = {2},
        pages = {791-811},
          doi = {10.1086/507474},
archivePrefix = {arXiv},
       eprint = {astro-ph/0607446},
 primaryClass = {astro-ph},
       adsurl = {https://ui.adsabs.harvard.edu/abs/2006ApJ...650..791C},
      adsnote = {Provided by the SAO/NASA Astrophysics Data System}
}

@article{ Querejeta_2015,
	author = {{Querejeta, M.} and {Eliche-Moral, M. C.} and {Tapia, T.} and {Borlaff, A.} and {Rodr\'{\i}guez-P\'erez, C.} and {Zamorano, J.} and {Gallego, J.}},
	title = {Formation of S0 galaxies through mergers - Bulge-disc structural coupling resulting from major mergers
        },
	DOI= "10.1051/0004-6361/201424303",
	url= "https://doi.org/10.1051/0004-6361/201424303",
	journal = {A\&A},
	year = 2015,
	volume = 573,
	pages = "A78",
	month = "",
}